<record><leader>00000cas a22000007a 4500</leader><controlfield tag="001">12629742</controlfield><controlfield tag="008">851003d19151927wiuwr ne      0    0eng d</controlfield><datafield ind1=" " ind2=" " tag="010"><subfield code="a">sn 85041325 </subfield></datafield><datafield ind1=" " ind2=" " tag="040"><subfield code="a">NPV</subfield><subfield code="b">eng</subfield><subfield code="c">NPV</subfield><subfield code="d">OCLCQ</subfield></datafield><datafield ind1=" " ind2=" " tag="042"><subfield code="a">msc</subfield></datafield><datafield ind1="0" ind2="4" tag="245"><subfield code="a">The Park Falls independent.</subfield></datafield><datafield ind1=" " ind2=" " tag="260"><subfield code="a">Park Falls, Wis. :</subfield><subfield code="b">Smith &amp; Fuller,</subfield><subfield code="c">1915-1927.</subfield></datafield><datafield ind1=" " ind2=" " tag="300"><subfield code="a">12 v. :</subfield><subfield code="b">ill.</subfield></datafield><datafield ind1=" " ind2=" " tag="310"><subfield code="a">Weekly</subfield></datafield><datafield ind1="0" ind2=" " tag="362"><subfield code="a">Vol. 1, no. 1 (Sept. 16, 1915)-v. 12, no. 52 (Aug. 25, 1927).</subfield></datafield><datafield ind1=" " ind2=" " tag="500"><subfield code="a">Publisher varies.</subfield></datafield><datafield ind1=" " ind2=" " tag="525"><subfield code="a">Supplements accompany some issues.</subfield></datafield><datafield ind1=" " ind2=" " tag="752"><subfield code="a">United States</subfield><subfield code="b">Wisconsin</subfield><subfield code="c">Price</subfield><subfield code="d">Park Falls.</subfield></datafield><datafield ind1="0" ind2="0" tag="785"><subfield code="t">Park Falls leader</subfield><subfield code="w">(DLC)sn 85041326</subfield></datafield></record>